@article{nature:2023,
title = {AI will transform science - now researchers must tame it},
year = {2023},
journal = {Nature},
volume = {621},
number = {7980},
pages = {658},
doi = {10.1038/d41586-023-02988-6},
url = {https://doi.org/10.1038/d41586-023-02988-6}
}

@article{lenharo:2023,
author = {Lenharo, Mariana},
title = {AI detects eye disease and risk of Parkinson's from retinal images},
journal = {Nature},
year = {2023},
doi = {10.1038/d41586-023-02881-2},
note = {Advance online publication},
url = {https://doi.org/10.1038/d41586-023-02881-2}
}

@article{tamayo:2023,
author = {Tamayo, Jorge and Doumi, Leila and Goel, Sagar and Kovács-Ondrejkovic, Orsolya and Sadun, Raffaella},
title = {Reskilling in the Age of AI},
journal = {Harvard Business Review},
volume = {101},
number = {5},
pages = {56--65},
year = {2023},
month = {September--October}
}

@article{luckin:2016,
author = {Luckin, Rosemary and Holmes, Wayne},
year = {2016},
month = {02},
pages = {},
title = {Intelligence Unleashed: An argument for AI in Education}
}

@inproceedings{almamari:2024,
author = {Almamari, Dr. Badar and Al-Amri, Mohammed},
year = {2024},
month = {09},
pages = {},
title = {Human Artistic Competences in Creative Industries in the Time of AI: Takumi Standards’ Possibilities and Limitations}
}

@inbook{saxena:2024,
author = {Saxena, Rahul and Katage, Goutami and Kumar, Chandan and Pathan, Nawaj and Bargir, Mohammadazar},
year = {2024},
month = {08},
pages = {51-66},
title = {AI Redefining Healthcare Documentation for Tomorrow: Exploring the Impact of AI on Healthcare Documentation},
isbn = {9798369339893},
doi = {10.4018/979-8-3693-3989-3.ch003}
}

@book{ranjbar:2024,
author = {Ranjbar, Ehsan},
year = {2024},
month = {09},
pages = {},
title = {AI Chatbots and Telemedicine in Cancer Care: Supporting Patients and Enhancing Communications},
isbn = {979-8339743804},
doi = {10.5281/zenodo.13777221}
}

@unknown{shabir:2024,
author = {Shabir, Ghulam and Khalid, Najif},
year = {2024},
month = {09},
pages = {},
title = {AI-Powered Fraud Detection and Risk Assessment: The Future of Financial Services},
doi = {10.13140/RG.2.2.32932.08324}
}

@misc{bls:2024,
author       = {{Bureau of Labor Statistics, U.S. Department of Labor}},
title        = {Occupational Outlook Handbook, Computer and Information Research Scientists},
howpublished = {\url{https://www.bls.gov/ooh/computer-and-information-technology/computer-and-information-research-scientists.htm}},
note         = {Accessed: 2024-10-26}
}

@inbook{abe:2020,
author = {Abe, Ethel and Abe, Isaac and Adisa, Olalekan},
year = {2020},
month = {11},
pages = {},
title = {FUTURE OF WORK – SKILL OBSOLESCENCE, ACQUISITION OF NEW SKILL AND UPKILLING IN THE 4IR},
isbn = {9781799833499},
doi = {10.4018/978-1-7998-3347-5.ch015}
}

@report{wef:2020,
title = {The Future of Jobs Report 2020},
author = {{World Economic Forum}},
year = {2020},
institution = {World Economic Forum},
url = {https://www.weforum.org/reports/the-future-of-jobs-report-2020}
}

@article{anderson:2023,
author = {Nick Anderson},
title = {College is remade as tech majors surge and humanities dwindle},
journal = {The Washington Post},
year = {2023},
url = {https://www.washingtonpost.com/education/2023/05/19/college-majors-computer-science-humanities/},
note = {Accessed: 2024-10-02}
}

@article{shell:2018,
author = {Shell, Ellen Ruppel},
title = {College May Not Be Worth It Anymore},
journal = {The New York Times},
year = {2018},
url = {https://www.nytimes.com/2018/05/16/opinion/college-useful-cost-jobs.html},
note = {Accessed: 2024-10-02}
}

@article{laal:2012,
author = {Laal, Marjan and Salamati, Peyman},
title = {Lifelong learning; why do we need it?},
journal = {Procedia - Social and Behavioral Sciences},
volume = {31},
pages = {399--403},
year = {2012},
issn = {1877-0428},
doi = {10.1016/j.sbspro.2011.12.073},
url = {https://www.sciencedirect.com/science/article/pii/S1877042811030023}
}

@misc{vargas:2023,
author = {Vargas, Marián and Dancy, Kim},
title = {College Affordability Still Out of Reach for Students with Lowest Incomes, Students of Color},
year = {2023},
month = {August 16},
url = {https://www.ihep.org/college-affordability-still-out-of-reach-for-students-with-lowest-incomes-students-of-color/}
}

@inproceedings{harish:2013,
  title={Online Education: A Revolution in the Making},
  author={Janani Harish},
  year={2013},
  url={https://api.semanticscholar.org/CorpusID:155442948}
}

@inproceedings{papmpouri:2021,
author = {Pampouri, Anastasia and Kostelidou, Styliani and Sionta, Eleni and Souitsme, Maria and Mavropoulos, Azarias},
year = {2021},
month = {03},
pages = {7349-7356},
title = {MASSIVE OPEN ONLINE COURSES (MOOCS): A REVIEW},
doi = {10.21125/inted.2021.1468}
}

@inproceedings{clow:2013,
title={MOOCs and the funnel of participation},
author={Doug Clow},
booktitle={International Conference on Learning Analytics and Knowledge},
year={2013},
url={https://api.semanticscholar.org/CorpusID:207202310}
}

@article{greenland:2014,
  title={Patterns of student enrolment and attrition in Australian open access online education: A preliminary case study},
  author={Greenland, Steven J and Moore, Catherine},
  journal={Open Praxis},
  volume={6},
  number={1},
  pages={45--54},
  year={2014}
}

@misc{means:2009,
author = {Means, Barbara and Toyama, Yukie and Murphy, Robert and Bakia, Marianne and Jones, Karla},
title = {Evaluation of Evidence-Based Practices in Online Learning: A Meta-Analysis and Review of Online Learning Studies},
year = {2009},
month = {May},
publisher = {U.S. Department of Education},
url = {https://eric.ed.gov/?id=ED505824}
}

@article{aldowah:2020,
author = {Aldowah, Hassan and Al-Samarraie, Hosam and Alzahrani, Ali I. and Al-Rahmi, Waleed M.},
title = {Factors affecting student dropout in MOOCs: a cause and effect decision-making model},
journal = {Journal of Computing in Higher Education},
volume = {32},
pages = {429--454},
year = {2020},
month = {August},
doi = {10.1007/s12528-019-09241-y},
url = {https://doi.org/10.1007/s12528-019-09241-y},
publisher = {Springer},
note = {Published: 17 October 2019}
}

@article{chernev:2015,
author = {Chernev, Alexander and Böckenholt, Ulf and Goodman, Joseph},
title = {Choice overload: A conceptual review and meta-analysis},
journal = {Journal of Consumer Psychology},
volume = {25},
number = {2},
pages = {333--358},
year = {2015},
issn = {1057-7408},
doi = {10.1016/j.jcps.2014.08.002},
url = {https://www.sciencedirect.com/science/article/pii/S1057740814000916}
}

@article{goldberg:1992,
author = {Goldberg, David and Nichols, David and Oki, Brian M. and Terry, Douglas},
title = {Using collaborative filtering to weave an information tapestry},
year = {1992},
issue_date = {Dec. 1992},
publisher = {Association for Computing Machinery},
address = {New York, NY, USA},
volume = {35},
number = {12},
issn = {0001-0782},
url = {https://doi.org/10.1145/138859.138867},
doi = {10.1145/138859.138867},
journal = {Commun. ACM},
month = dec,
pages = {61–70},
numpages = {10},
keywords = {information filtering, tapestry}
}

@article{lutz:1990,
author = {Lutz, Ernst and Kleist-Retzow, Hans V. and Hoernig, Karl},
title = {MAFIA—an active mail-filter-agent for an intelligent document processing support},
year = {1990},
issue_date = {Dec. 1990},
publisher = {Association for Computing Machinery},
address = {New York, NY, USA},
volume = {11},
number = {4},
issn = {0894-0819},
url = {https://doi.org/10.1145/122220.122222},
doi = {10.1145/122220.122222},
journal = {SIGOIS Bull.},
month = dec,
pages = {16–32},
numpages = {17}
}

@inproceedings{resnik:1994,
author = {Resnick, Paul and Iacovou, Neophytos and Suchak, Mitesh and Bergstrom, Peter and Riedl, John},
title = {GroupLens: an open architecture for collaborative filtering of netnews},
year = {1994},
isbn = {0897916891},
publisher = {Association for Computing Machinery},
address = {New York, NY, USA},
url = {https://doi.org/10.1145/192844.192905},
doi = {10.1145/192844.192905},
booktitle = {Proceedings of the 1994 ACM Conference on Computer Supported Cooperative Work},
pages = {175–186},
numpages = {12},
keywords = {Usenet, collaborative filtering, electronic bulletin boards, information filtering, netnews, selective dissemination of information, social filtering, user model},
location = {Chapel Hill, North Carolina, USA},
series = {CSCW '94}
}

@article{dong:2022,
  title={A Brief History of Recommender Systems},
  author={Zhenhua Dong and Zhe Wang and Jun Xu and Ruiming Tang and Jirong Wen},
  journal={ArXiv},
  year={2022},
  volume={abs/2209.01860},
  url={https://api.semanticscholar.org/CorpusID:252089602}
}